@book{cancaro1,
    title={Chimica Farmaceutica},
    author={Graham L. Patrick},
    year={2015},
    publisher={EdiSES},
	edition = {3° edizione},
    keywords = {pharmaceuticalchemistry}
}


@book{cancaro2,
    title={Foye’s. Principi di chimica farmaceutica},
    author={T. L. Lemke, D. A. Williams},
    year={2014},
    publisher={Piccin Nuova Libraria},
	edition = {6° edizione},
    keywords = {pharmaceuticalchemistry}
}


@book{cancaro3,
    title={The organic chemistry of drug design and drug action},
    author={Richard B. Silverman, Mark W. Holladay},
    year={2014},
    publisher={Elsevier},
	edition = {3rd edition},
    keywords = {pharmaceuticalchemistry}
}



