@book{org1,
    title={Identificazione spettroscopica dei composti organici},
    author={R. M. Silverstein, F. X. Webster},
    year={2016},
    publisher={Zanichelli},
    edition={3rd ed.},
    keywords={metodi fisici},
}

@book{org2,
    title={Organic Chemistry},
    author={J. Clayden, N. Greeves, S. Warren, P. Wothers},
    year={2012},
    publisher={OUP Oxford},
    edition = {2nd ed.},
    keywords = {reattività},
}

@book{org3,
    title={Chimica organica},
    author={Bruice, P Yurkanis},
    year={2017},
    publisher={EdiSES},
    edition = {3rd ed. Edizione},
    keywords = {reattività},
}

@book{org4,
    title={Chimica organica},
    author={William H. Brown, Brent L. Iverson, Eric V. Anslyn, Christopher S. Foote},
    year={2019},
    publisher={Edises},
    edition = {6th ed.},
    keywords = {reattività},
}

@book{org5,
    title={Organic Chemistry},
    author={Janice Gorzynski Smith},
    year={2016},
    publisher={McGraw Hill},
    edition = {5th ed.},
    keywords = {reattività},
}

