@book{anal1,
    title={Statistics for Analytical Chemists},
    author={J.C. Miller},
    year={1993},
    publisher={Ellis Horwood ed.},
	edition = {3a ed.},
    keywords = {statistica}
}

@book{anal2,
    title={Practical Statistics for Analytical Chemists},
    author={L.R. Anderson},
    year={1987},
    publisher={van Nostrand ed.},
    keywords = {statistica}
}

@book{anal3,
    title={Statistical Methods in Analytical Chemistry},
    author={P.C. Meier, R.E. Zund,},
    isbn={},
    series={},
    year={1993},
    publisher={Wiley ed.},
    keywords = {statistica}
}

@book{anal4,
    title={Practical Statistics for the Analytical Scientits. A Bench Guide},
    author={T. Farrant},
    year={1997},
    publisher={Royal Soc. Chem. ed.},
    keywords = {statistica}
}

@book{anal5,
    title={Fondamenti di chimica analitica di Skoog e West},
    author={J. F. Holler , S. R. Crouch},
    year={2015},
    publisher={EdiSES},
    keywords = {chimica analitica}
}

@book{anal6,
    title={Chimica analitica. Trattazione algebrica e grafica degli equilibri chimici in soluzione acquosa},
    author={V. Di Marco, P. Pastore, G. Bombi},
    year={2015},
    publisher={EdiSES},
    keywords = {chimica analitica}
}


