@book{nome per \cite,
    title={titolo},
    author={autore},
    year={anno},
    publisher={editore},
	edition = {edizione},
    keywords = {parole chiave}
}



